@article{ryan2012heterogeneity,
  title={Heterogeneity and the dynamics of technology adoption},
  author={Ryan, Stephen P and Tucker, Catherine},
  journal={Quantitative Marketing and Economics},
  volume={10},
  pages={63--109},
  year={2012},
  publisher={Springer}
}

@article{akcsin2013structural,
  title={Structural estimation of callers' delay sensitivity in call centers},
  author={Ak{\c{s}}in, Zeynep and Ata, Bar{\i}{\c{s}} and Emadi, Seyed Morteza and Su, Che-Lin},
  journal={Management Science},
  volume={59},
  number={12},
  pages={2727--2746},
  year={2013},
  publisher={INFORMS}
}

@article{akcsin2017impact,
  title={Impact of delay announcements in call centers: An empirical approach},
  author={Ak{\c{s}}in, Zeynep and Ata, Baris and Emadi, Seyed Morteza and Su, Che-Lin},
  journal={Operations Research},
  volume={65},
  number={1},
  pages={242--265},
  year={2017},
  publisher={INFORMS}
}

@article{yu2022delay,
  title={Delay information in virtual queues: A large-scale field experiment on a major ride-sharing platform},
  author={Yu, Qiuping and Zhang, Yiming and Zhou, Yong-Pin},
  journal={Management Science},
  volume={68},
  number={8},
  pages={5745--5757},
  year={2022},
  publisher={INFORMS}
}

@article{hathaway2022personalized,
  title={Personalized priority policies in call centers using past customer interaction information},
  author={Hathaway, Brett Alan and Emadi, Seyed Morteza and Deshpande, Vinayak},
  journal={Management Science},
  volume={68},
  number={4},
  pages={2806--2823},
  year={2022},
  publisher={INFORMS}
}

@article{atar2004scheduling,
  title={SCHEDULING A MULTI CLASS QUEUE WITH MANY EXPONENTIAL SERVERS: ASYMPTOTIC OPTIMALITY IN HEAVY TRAFFIC},
  author={Atar, Rami and Mandelbaum, Avi and Reiman, Martin I},
  journal={The Annals of Applied Probability},
  volume={14},
  number={3},
  pages={1084--1134},
  year={2004}
}

@article{harrison2004dynamic,
  title={Dynamic scheduling of a multiclass queue in the Halfin-Whitt heavy traffic regime},
  author={Harrison, J Michael and Zeevi, Assaf},
  journal={Operations Research},
  volume={52},
  number={2},
  pages={243--257},
  year={2004},
  publisher={INFORMS}
}

@article{gurvich2009queue,
  title={Queue-and-idleness-ratio controls in many-server service systems},
  author={Gurvich, Itay and Whitt, Ward},
  journal={Mathematics of Operations Research},
  volume={34},
  number={2},
  pages={363--396},
  year={2009},
  publisher={INFORMS}
}

@article{atar2010cmu,
  title={The c$\mu$/$\theta$ rule for many-server queues with abandonment},
  author={Atar, Rami and Giat, Chanit and Shimkin, Nahum},
  journal={Operations Research},
  volume={58},
  number={5},
  pages={1427--1439},
  year={2010},
  publisher={INFORMS}
}

@article{ghamami2013dynamic,
  title={Dynamic scheduling of a two-server parallel server system with complete resource pooling and reneging in heavy traffic: Asymptotic optimality of a two-threshold policy},
  author={Ghamami, Samim and Ward, Amy R},
  journal={Mathematics of Operations Research},
  volume={38},
  number={4},
  pages={761--824},
  year={2013},
  publisher={INFORMS}
}

@article{bassamboo2016scheduling,
  title={Scheduling homogeneous impatient customers},
  author={Bassamboo, Achal and Randhawa, Ramandeep Singh},
  journal={Management Science},
  volume={62},
  number={7},
  pages={2129--2147},
  year={2016},
  publisher={INFORMS}
}

@article{akcsin2017impact,
  title={Impact of delay announcements in call centers: An empirical approach},
  author={Ak{\c{s}}in, Zeynep and Ata, Baris and Emadi, Seyed Morteza and Su, Che-Lin},
  journal={Operations Research},
  volume={65},
  number={1},
  pages={242--265},
  year={2017},
  publisher={INFORMS}
}

@article{hu2016understanding,
  title={Understanding customers retrial in call centers: Preferences for service quality and service speed},
  author={Hu, Kejia and Allon, Gad and Bassamboo, Achal},
  journal={Available at SSRN 2838998},
  year={2016}
}

@article{yu2017delay,
  title={How do delay announcements shape customer behavior? An empirical study},
  author={Yu, Qiuping and Allon, Gad and Bassamboo, Achal},
  journal={Management Science},
  volume={63},
  number={1},
  pages={1--20},
  year={2017},
  publisher={INFORMS}
}

@article{hathaway2021don,
  title={Don’t call us, we’ll call you: An empirical study of caller behavior under a callback option},
  author={Hathaway, Brett A and Emadi, Seyed M and Deshpande, Vinayak},
  journal={Management Science},
  volume={67},
  number={3},
  pages={1508--1526},
  year={2021},
  publisher={INFORMS}
}

@article{emadi2018customer,
  title={Customer learning in call centers from previous waiting experiences},
  author={Emadi, Seyed Morteza and Swaminathan, Jayashankar M},
  journal={Operations Research},
  volume={66},
  number={5},
  pages={1433--1456},
  year={2018},
  publisher={INFORMS}
}

@article{chang2019effect,
  title={The effect of pollution on worker productivity: evidence from call center workers in China},
  author={Chang, Tom Y and Graff Zivin, Joshua and Gross, Tal and Neidell, Matthew},
  journal={American Economic Journal: Applied Economics},
  volume={11},
  number={1},
  pages={151--172},
  year={2019},
  publisher={American Economic Association 2014 Broadway, Suite 305, Nashville, TN 37203-2425}
}

@article{bloom2015does,
  title={Does working from home work? Evidence from a Chinese experiment},
  author={Bloom, Nicholas and Liang, James and Roberts, John and Ying, Zhichun Jenny},
  journal={The Quarterly journal of economics},
  volume={130},
  number={1},
  pages={165--218},
  year={2015},
  publisher={MIT Press}
}

@article{rust1987optimal,
  title={Optimal replacement of GMC bus engines: An empirical model of Harold Zurcher},
  author={Rust, John},
  journal={Econometrica: Journal of the Econometric Society},
  pages={999--1033},
  year={1987},
  publisher={JSTOR}
}