@article{inoue2023teachers,
  title={Do teachers’ college majors affect students’ academic achievement in the sciences? A cross-subfields analysis with student-teacher fixed effects},
  author={Inoue, Atsushi and Tanaka, Ryuichi},
  journal={Education Economics},
  volume={31},
  number={5},
  pages={617--631},
  year={2023},
  publisher={Taylor \& Francis}
}
@article{woodcock2015match,
  title={Match effects},
  author={Woodcock, Simon D},
  journal={Research in Economics},
  volume={69},
  number={1},
  pages={100--121},
  year={2015},
  publisher={Elsevier}
}
@article{jackson2013match,
  title={Match quality, worker productivity, and worker mobility: Direct evidence from teachers},
  author={Jackson, C Kirabo},
  journal={Review of Economics and Statistics},
  volume={95},
  number={4},
  pages={1096--1116},
  year={2013},
  publisher={The MIT Press}
}
@article{biolsi2022task,
  title={Task-level match effects and worker productivity: evidence from pitchers and catchers},
  author={Biolsi, Christopher and Goff, Brian and Wilson, Dennis},
  journal={Applied Economics},
  volume={54},
  number={25},
  pages={2888--2899},
  year={2022},
  publisher={Taylor \& Francis}
}
@techreport{ovidi2022parents,
  title={Parents Know Better: Sorting on Match Effects in Primary School},
  author={Ovidi, Marco},
  year={2022},
  institution={Universit{\`a} Cattolica del Sacro Cuore, Dipartimenti e Istituti di Scienze~…}
}
@article{mittag2019simple,
  title={A simple method to estimate large fixed effects models applied to wage determinants},
  author={Mittag, Nikolas},
  journal={Labour Economics},
  volume={61},
  pages={101766},
  year={2019},
  publisher={Elsevier}
}

@article{ferreira2011measuring,
  title={Measuring match quality using subjective data},
  author={Ferreira, Priscila and Taylor, Mark},
  journal={Economics Letters},
  volume={113},
  number={3},
  pages={304--306},
  year={2011},
  publisher={Elsevier}
}

@article{dillon2020consequences,
  title={The consequences of academic match between students and colleges},
  author={Dillon, Eleanor Wiske and Smith, Jeffrey Andrew},
  journal={Journal of Human Resources},
  volume={55},
  number={3},
  pages={767--808},
  year={2020},
  publisher={University of Wisconsin Press}
}

@book{hansen2022econometrics,
  title={Econometrics},
  author={Hansen, Bruce},
  year={2022},
  publisher={Princeton University Press}
}